@inproceedings{rivers-its2012,
  author    = {Kelly Rivers and
               Kenneth R. Koedinger},
  title     = {A Canonicalizing Model for Building Programming Tutors},
  booktitle = {ITS},
  year      = {2012},
  pages     = {591-593},
  ee        = {http://dx.doi.org/10.1007/978-3-642-30950-2_80},
  crossref  = {DBLP:conf/its/2012},
  bibsource = {DBLP, http://dblp.uni-trier.de}
}

@proceedings{DBLP:conf/its/2012,
  editor    = {Stefano A. Cerri and
               William J. Clancey and
               Giorgos Papadourakis and
               Kitty Panourgia},
  title     = {Intelligent Tutoring Systems - 11th International Conference,
               ITS 2012, Chania, Crete, Greece, June 14-18, 2012. Proceedings},
  booktitle = {Intelligent Tutoring Systems},
  publisher = {Springer},
  series    = {Lecture Notes in Computer Science},
  volume    = {7315},
  year      = {2012},
  isbn      = {978-3-642-30949-6},
  ee        = {http://dx.doi.org/10.1007/978-3-642-30950-2},
  bibsource = {DBLP, http://dblp.uni-trier.de}
}

@inproceedings{Hovemeyer:2013:CBC:2445196.2445451,
 author = {Hovemeyer, David and Hertz, Matthew and Denny, Paul and Spacco, Jaime and Papancea, Andrei and Stamper, John and Rivers, Kelly},
 title = {CloudCoder: building a community for creating, assigning, evaluating and sharing programming exercises (abstract only)},
 booktitle = {Proceeding of the 44th ACM technical symposium on Computer science education},
 series = {SIGCSE '13},
 year = {2013},
 isbn = {978-1-4503-1868-6},
 location = {Denver, Colorado, USA},
 pages = {742--742},
 numpages = {1},
 url = {http://doi.acm.org/10.1145/2445196.2445451},
 doi = {10.1145/2445196.2445451},
 acmid = {2445451},
 publisher = {ACM},
 address = {New York, NY, USA},
 keywords = {automated testing, cloudcoder, cs1},
}

@article{Vanlehn:2006:BTS:1435351.1435353,
 author = {Vanlehn, Kurt},
 title = {The Behavior of Tutoring Systems},
 journal = {Int. J. Artif. Intell. Ed.},
 issue_date = {August 2006},
 volume = {16},
 number = {3},
 month = aug,
 year = {2006},
 issn = {1560-4292},
 pages = {227--265},
 numpages = {39},
 url = {http://dl.acm.org/citation.cfm?id=1435351.1435353},
 acmid = {1435353},
 publisher = {IOS Press},
 address = {Amsterdam, The Netherlands, The Netherlands},
 keywords = {Intelligent tutoring systems, knowledge components, learning events, tutoring},
}

@inproceedings{Jin:2012:PRA:2345840.2345889,
 author = {Jin, Wei and Barnes, Tiffany and Stamper, John and Eagle, Michael John and Johnson, Matthew W. and Lehmann, Lorrie},
 title = {Program representation for automatic hint generation for a data-driven novice programming tutor},
 booktitle = {Proceedings of the 11th international conference on Intelligent Tutoring Systems},
 series = {ITS'12},
 year = {2012},
 isbn = {978-3-642-30949-6},
 location = {Chania, Crete, Greece},
 pages = {304--309},
 numpages = {6},
 url = {http://dx.doi.org/10.1007/978-3-642-30950-2_40},
 doi = {10.1007/978-3-642-30950-2_40},
 acmid = {2345889},
 publisher = {Springer-Verlag},
 address = {Berlin, Heidelberg},
 keywords = {automatic hint generation, data clustering, educational data mining, intelligent tutoring systems, programming tutors},
}

@inproceedings{Denny:2012:SEE:2325296.2325318,
 author = {Denny, Paul and Luxton-Reilly, Andrew and Tempero, Ewan},
 title = {All syntax errors are not equal},
 booktitle = {Proceedings of the 17th ACM annual conference on Innovation and technology in computer science education},
 series = {ITiCSE '12},
 year = {2012},
 isbn = {978-1-4503-1246-2},
 location = {Haifa, Israel},
 pages = {75--80},
 numpages = {6},
 url = {http://doi.acm.org/10.1145/2325296.2325318},
 doi = {10.1145/2325296.2325318},
 acmid = {2325318},
 publisher = {ACM},
 address = {New York, NY, USA},
 keywords = {assessment, codewrite, drill and practice, java, syntax errors},
}

@inproceedings{Jadud:2006:MTE:1151588.1151600,
 author = {Jadud, Matthew C.},
 title = {Methods and tools for exploring novice compilation behaviour},
 booktitle = {Proceedings of the second international workshop on Computing education research},
 series = {ICER '06},
 year = {2006},
 isbn = {1-59593-494-4},
 location = {Canterbury, United Kingdom},
 pages = {73--84},
 numpages = {12},
 url = {http://doi.acm.org/10.1145/1151588.1151600},
 doi = {10.1145/1151588.1151600},
 acmid = {1151600},
 publisher = {ACM},
 address = {New York, NY, USA},
 keywords = {BlueJ, Java, behavior, compilation, compiler, novice},
}

@inproceedings{Lane:2005:ISA:1047344.1047471,
 author = {Lane, H. Chad and VanLehn, Kurt},
 title = {Intention-based scoring: an approach to measuring success at solving the composition problem},
 booktitle = {Proceedings of the 36th SIGCSE technical symposium on Computer science education},
 series = {SIGCSE '05},
 year = {2005},
 isbn = {1-58113-997-7},
 location = {St. Louis, Missouri, USA},
 pages = {373--377},
 numpages = {5},
 url = {http://doi.acm.org/10.1145/1047344.1047471},
 doi = {10.1145/1047344.1047471},
 acmid = {1047471},
 publisher = {ACM},
 address = {New York, NY, USA},
 keywords = {intelligent tutoring systems, intention-based scoring, novice programming, online protocols, structured programming},
}                 

@inproceedings{jin-kdd2011,
 author = {Jin, Wei and Lehmann, Lorrie and Johnson, Matthew and Eagle, Michael and Mostafavi, Behrooz and Barnes, Tiffany and Stamper, John},
 title = {Towards Automatic Hint Generation for a Data-Driven Novice Programming Tutor},
 booktitle = {Proceedings of KDD 2011 Workshop: Knowledge Discovery in Educational Data},
 series = {KDD 2011},
 location = {San Diego, CA},
 year = {2011},
 url = {https://pslcdatashop.web.cmu.edu/KDD2011/papers/K-kddined2011.pdf},
}

@misc{ace,
title="Ace - The High Performance Code Editor",
month="April",
year="2013",
howpublished="{http://ace.ajax.org}"
}

@MISC{codingbat,
title="CodingBat",
month="April",
year=2013,
howpublished="{http://codingbat.com}"
}

@MISC{udacity,
title="Intro to Computer Science Class Online (CS101) - Udacity",
month="April",
year=2013,
howpublished="{https://www.udacity.com/course/cs101}"
}

@MISC{codeacademy,
title="Learn to Code",
month="April",
year=2013,
howpublished="{http://www.codecademy.com}"
}

@MISC{progzoo,
title="Progzoo",
month="April",
year=2013,
howpublished="{http://progzoo.net}"
}

@MISC{coursera,
title="Coursera",
month="April",
year=2013,
howpublished="{https://www.coursera.org}"
}                  

@MISC{turingscraft,
title="Turingscraft",
month="April",
year=2013,
howpublished="{http://www.turingscraft.com/}",
}         -         

@MISC{AGPL,
title="GNU Affero General Public License",
month="June",
year=2013,
howpublished="{http://www.gnu.org/licenses/agpl.html}"
}

@inproceedings{Utting:2012:WDG:2361276.2361278,
 author = {Utting, Ian and Brown, Neil and K\"{o}lling, Michael and McCall, Davin and Stevens, Philip},
 title = {Web-scale data gathering with BlueJ},
 booktitle = {Proceedings of the ninth annual international conference on International computing education research},
 series = {ICER '12},
 year = {2012},
 isbn = {978-1-4503-1604-0},
 location = {Auckland, New Zealand},
 pages = {1--4},
 numpages = {4},
 url = {http://doi.acm.org/10.1145/2361276.2361278},
 doi = {10.1145/2361276.2361278},
 acmid = {2361278},
 publisher = {ACM},
 address = {New York, NY, USA},
 keywords = {bluej, cs1, data collection, initial programming, student behaviour},
}

@inproceedings{marceau-sigcse2011,
 author = {Marceau, Guillaume and Fisler, Kathi and Krishnamurthi, Shriram},
 title = {Measuring the effectiveness of error messages designed for novice programmers},
 booktitle = {Proceedings of the 42nd ACM technical symposium on Computer science education},
 series = {SIGCSE '11},
 year = {2011},
 isbn = {978-1-4503-0500-6},
 location = {Dallas, TX, USA},
 pages = {499--504},
 numpages = {6},
 url = {http://doi.acm.org/10.1145/1953163.1953308},
 doi = {http://doi.acm.org/10.1145/1953163.1953308},
 acmid = {1953308},
 publisher = {ACM},
 address = {New York, NY, USA},
 keywords = {error messages, novice programmers, user-studies},
}

@inproceedings{Zingaro:2013:FCP:2445196.2445369,
 author = {Zingaro, Daniel and Cherenkova, Yuliya and Karpova, Olessia and Petersen, Andrew},
 title = {Facilitating code-writing in PI classes},
 booktitle = {Proceeding of the 44th ACM technical symposium on Computer science education},
 series = {SIGCSE '13},
 year = {2013},
 isbn = {978-1-4503-1868-6},
 location = {Denver, Colorado, USA},
 pages = {585--590},
 numpages = {6},
 url = {http://doi.acm.org/10.1145/2445196.2445369},
 doi = {10.1145/2445196.2445369},
 acmid = {2445369},
 publisher = {ACM},
 address = {New York, NY, USA},
 keywords = {CS1, active learning, pair programming, peer investigation},
}

@inproceedings{Pritchard:2013:CCI:2445196.2445370,
 author = {Pritchard, David and Vasiga, Troy},
 title = {CS circles: an in-browser python course for beginners},
 booktitle = {Proceeding of the 44th ACM technical symposium on Computer science education},
 series = {SIGCSE '13},
 year = {2013},
 isbn = {978-1-4503-1868-6},
 location = {Denver, Colorado, USA},
 pages = {591--596},
 numpages = {6},
 url = {http://doi.acm.org/10.1145/2445196.2445370},
 doi = {10.1145/2445196.2445370},
 acmid = {2445370},
 publisher = {ACM},
 address = {New York, NY, USA},
 keywords = {cs0/1, massive online open courses, python, teacher tools, wordpress},
}

@inproceedings{Malan:2013:CSS:2445196.2445242,
 author = {Malan, David J.},
 title = {CS50 sandbox: secure execution of untrusted code},
 booktitle = {Proceeding of the 44th ACM technical symposium on Computer science education},
 series = {SIGCSE '13},
 year = {2013},
 isbn = {978-1-4503-1868-6},
 location = {Denver, Colorado, USA},
 pages = {141--146},
 numpages = {6},
 url = {http://doi.acm.org/10.1145/2445196.2445242},
 doi = {10.1145/2445196.2445242},
 acmid = {2445242},
 publisher = {ACM},
 address = {New York, NY, USA},
 keywords = {sandbox},
}

@inproceedings{Spacco:2006:EMD:1140124.1140131,
 author = {Spacco, Jaime and Hovemeyer, David and Pugh, William and Emad, Fawzi and Hollingsworth, Jeffrey K. and Padua-Perez, Nelson},
 title = {Experiences with marmoset: designing and using an advanced submission and testing system for programming courses},
 booktitle = {Proceedings of the 11th annual SIGCSE conference on Innovation and technology in computer science education},
 series = {ITICSE '06},
 year = {2006},
 isbn = {1-59593-055-8},
 location = {Bologna, Italy},
 pages = {13--17},
 numpages = {5},
 url = {http://doi.acm.org/10.1145/1140124.1140131},
 doi = {10.1145/1140124.1140131},
 acmid = {1140131},
 publisher = {ACM},
 address = {New York, NY, USA},
 keywords = {code snapshots, project submission, testing},
}

@inproceedings{Norris:2008:CCQ:1384271.1384284,
 author = {Norris, Cindy and Barry, Frank and Fenwick Jr., James B. and Reid, Kathryn and Rountree, Josh},
 title = {ClockIt: collecting quantitative data on how beginning software developers really work},
 booktitle = {Proceedings of the 13th annual conference on Innovation and technology in computer science education},
 series = {ITiCSE '08},
 year = {2008},
 isbn = {978-1-60558-078-4},
 location = {Madrid, Spain},
 pages = {37--41},
 numpages = {5},
 url = {http://doi.acm.org/10.1145/1384271.1384284},
 doi = {10.1145/1384271.1384284},
 acmid = {1384284},
 publisher = {ACM},
 address = {New York, NY, USA},
 keywords = {assessment, cs1, cs2, programming practices},
}

@inproceedings{Edwards:2008:WAG:1384271.1384371,
 author = {Edwards, Stephen H. and Perez-Quinones, Manuel A.},
 title = {Web-CAT: automatically grading programming assignments},
 booktitle = {Proceedings of the 13th annual conference on Innovation and technology in computer science education},
 series = {ITiCSE '08},
 year = {2008},
 isbn = {978-1-60558-078-4},
 location = {Madrid, Spain},
 pages = {328--328},
 numpages = {1},
 url = {http://doi.acm.org/10.1145/1384271.1384371},
 doi = {10.1145/1384271.1384371},
 acmid = {1384371},
 publisher = {ACM},
 address = {New York, NY, USA},
 keywords = {assessment, automated grading, evaluation, feedback, manual grading, marking, programming assignment},
}

@article{Kumar:2005:GPA:1163405.1163408,
 author = {Kumar, Amruth N.},
 title = {Generation of problems, answers, grade, and feedback---case study of a fully automated tutor},
 journal = {J. Educ. Resour. Comput.},
 issue_date = {September 2005},
 volume = {5},
 number = {3},
 month = sep,
 year = {2005},
 issn = {1531-4278},
 articleno = {3},
 url = {http://doi.acm.org/10.1145/1163405.1163408},
 doi = {10.1145/1163405.1163408},
 acmid = {1163408},
 publisher = {ACM},
 address = {New York, NY, USA},
 keywords = {Software tutor, active learning, answer generation, evaluation, feedback generation, problem generation, problem solving},
}

@inproceedings{Sanders:2008:DSE:1404520.1404534,
 author = {Sanders, Kate and Richards, Brad and Mostr\"{o}m, Jan Erik and Almstrum, Vicki and Edwards, Stephen and Fincher, Sally and Gunion, Kat and Hall, Mark and Hanks, Brian and Lonergan, Stephen and McCartney, Robert and Morrison, Briana and Spacco, Jaime and Thomas, Lynda},
 title = {DCER: sharing empirical computer science education data},
 booktitle = {Proceedings of the Fourth international Workshop on Computing Education Research},
 series = {ICER '08},
 year = {2008},
 isbn = {978-1-60558-216-0},
 location = {Sydney, Australia},
 pages = {137--148},
 numpages = {12},
 url = {http://doi.acm.org/10.1145/1404520.1404534},
 doi = {10.1145/1404520.1404534},
 acmid = {1404534},
 publisher = {ACM},
 address = {New York, NY, USA},
 keywords = {computer science education, data repositories, data sharing, empirical data, information science education, research, research methods},
}

@inproceedings{Hertz:2010:CCM:1734263.1734335,
 author = {Hertz, Matthew},
 title = {What do "CS1" and "CS2" mean?: investigating differences in the early courses},
 booktitle = {Proceedings of the 41st ACM technical symposium on Computer science education},
 series = {SIGCSE '10},
 year = {2010},
 isbn = {978-1-4503-0006-3},
 location = {Milwaukee, Wisconsin, USA},
 pages = {199--203},
 numpages = {5},
 url = {http://doi.acm.org/10.1145/1734263.1734335},
 doi = {10.1145/1734263.1734335},
 acmid = {1734335},
 publisher = {ACM},
 address = {New York, NY, USA},
 keywords = {cs1, cs2, curriculum design, survey},
}

@inproceedings{Parlante:2013:NA:2445196.2445356,
 author = {Parlante, Nick and Zelenski, Julie and Craig, Michelle and DeNero, John and Guzdial, Mark and Malan, David J. and Muralidharan, Aditi and Roberts, Eric and Wayne, Kevin},
 title = {Nifty assignments},
 booktitle = {Proceeding of the 44th ACM technical symposium on Computer science education},
 series = {SIGCSE '13},
 year = {2013},
 isbn = {978-1-4503-1868-6},
 location = {Denver, Colorado, USA},
 pages = {539--540},
 numpages = {2},
 url = {http://doi.acm.org/10.1145/2445196.2445356},
 doi = {10.1145/2445196.2445356},
 acmid = {2445356},
 publisher = {ACM},
 address = {New York, NY, USA},
 keywords = {assignments, education, examples, homeworks, library, nifty, pedagogy, repository},
}
